@article{chen2019a,
  title = {Bridge Influence Line Identification Based on Adaptive {{B-spline}} Basis Dictionary and Sparse Regularization},
  author = {Chen, Zhiwei and Yang, Weibiao and Li, Jun and Yi, Tinghua and Wu, Junchao and Wang, Dongdong},
  date = {2019},
  journaltitle = {Structural Control and Health Monitoring},
  volume = {26},
  number = {6},
  pages = {e2355},
  issn = {1545-2263},
  langid = {english}
}
@book{hughes2000,
  title = {The {{Finite Element Method}}: {{Linear Static}} and {{Dynamic Finite Element Analysis}}},
  author = {Hughes, Thomas J.R.},
  year = {2000},
  publisher = {Prentice Hall},
  address = {New Jersey}
}
@book{philippeg.2013,
  title = {Linear and {{Nonlinear Functional Analysis}} with {{Applications}}},
  author = {Philippe G., Ciarlet},
  year = {2013},
  publisher = {{SIAM-Society for Industrial and Applied Mathematics}},
  address = {Philadelphia}
}